@manual{anleitung,
  author = {TU Dortmund},
  title = {V21 - Optisches Pumpen},
  year = 2022
}

@phdthesis{borgo,
author = {Borgosano, Francesco},
year = {2012},
month = {01},
title = {Studies of the influence of thermodynamical parameters on the production rate of hyperpolarised 129Xe and the degree of hyperpolarisation},
url = {http://www.ub.uni-heidelberg.de/archiv/13703}
}

@manual{teachspin,
  title = {Optical Pumping},
  year = {2004},
  month = {9},
  author = {Eric D. Black}
}