@manual{V01,
  author = {TU Dortmund},
  title = {V01 - Lebensdauer kosmischer Myonen},
  year = 2022
}
