@manual{sample,
  author = {TU Dortmund},
  title = {V64 - Interferometrie},
  year = 2022
}

@book{hecht2018optik,
  title={Optik},
  author={Hecht, Eugene},
  year={2018},
  publisher={Walter de Gruyter GmbH \& Co KG}
}
