@manual{anleitung,
  author = {TU Dortmund},
  title = {V46 - Faraday-Effekt},
  year = 2019
}

@article{GaAs_n,
  title={Refractive index of GaAs},
  author={Marple, DTF},
  journal={Journal of Applied Physics},
  year={1964},
  publisher={American Institute of Physics}
}

@article{eff_m,
  title={Valence-band parameters in cubic semiconductors},
  author={Lawaetz, PJPRB},
  journal={Physical Review B},
  year={1971},
  publisher={APS}
}

@book{demtroder,
  title={Experimentalphysik 3: Atome, Molek{\"u}le und Festk{\"o}rper},
  author={Demtr{\"o}der, Wolfgang},
  year={2016},
  publisher={Springer-Verlag}
}