@manual{V47,
  author = {TU Dortmund},
  title = {V47},
  subtitle = {Temperaturabhängigkeit der Molwärme von Festkörpern},
  year = 2022
}

@online{goodfellow,
  url = {goodfellow.com/de/de/displayitemdetails/p/cu00-br-000121/copper-bar},
  urldate = {2022-11-01},
  title = {Kupfer - Stange},
  author = {GoodFellow}
}